
@manual{deal,
   author = {Wolfgang Bangerth and Ralf Hartmann and Guido Kanschat},
   title = {Differential Equations Analysis Library} ,
   journal = {Technical Reference},
   year = {2010},
   volume = {},
   number = {},
   pages = {},
   ISSN = {}
}


@manual{rodobo,
   author = {R. Becker and D. Meidner and B. Vexler},
   title = {RODOBO: A C++ library for optimization
with stationary and nonstationary PDEs} ,
   journal = {Technical Reference, Institute of Applied Mathematics, Heidelberg},
   year = {2005},
   volume = {},
   number = {},
   pages = {},
   ISSN = {}
}

@BOOK{NoWr00,
   author = {J. Nocedal and S.J. Wright},
   title = {Numerical Optimization},
   year = {2000},
   edition = {2nd},
   publisher = {Springer},
   address = {US},
   isbn = {},
   series = {}
}

@ARTICLE{BeMeVe06,
   author = {Roland Becker and Dominik Meidner and Boris Vexler},
   title = {Efficient numerical solution of parabolic optimization
problems by finite element methods},
   journal = {Optim. Methods Softw.},
   year = {2007},
   volume = {22},
   number = {5},
   pages = {813-833}
}

@Book{BR03,
  author =	 {Wolfgang Bangerth and Rolf Rannacher},
  title = 	 {Adaptive Finite Element Methods for
                  Differential Equations},
  publisher = 	 {Birkh{\"a}user Verlag},
  year = 	 2003
}

@article{Wi11,
   author = {Thomas Wick},
   title = {Fluid-Structure Interactions using Different Mesh Motion
Techniques},
   journal = {Comput. Struct.},
   year = {2011},
   volume = {89},
   number = {13-14},
   pages = {1456--1467}
 }

@inbook{SchaeTu96,
   author = {M. Sch\"afer and S. Turek},
   title = {Flow Simulation with High-Performance Computer II},
   chapter = {Benchmark Computations of laminar flow around a cylinder},
   volume = {52},
   series = {Notes on Numerical Fluid Mechanics},
   publisher = {Vieweg},
   address = {Braunschweig Wiesbaden},
   year = {1996}
}

@inbook{HrTu06b,
   author = {Jaroslav Hron and Stefan Turek},
   title = {Proposal for numerical benchmarking of fluid-structure
interaction between an elastic object and laminar incompressible
flow},
  pages = {146 - 170},
   volume = {53},
   publisher = {Springer-Verlag},
   year = {2006}
}
%   editor = {Hans Joachim Bungartz and Michael Sch\"afer},

@BOOK{BuSc06,
 author={H.-J. Bungartz and  M. Sch\"afer},
 title={Fluid-Structure Interaction: Modelling, Simulation,
    Optimization},
 edition={},
 address={},
 publisher={Springer},
 year={2006},
 series={Lecture Notes in Computational Science and Engineering},
 volume={53}
}
