
@manual{deal,
   author = {Wolfgang Bangerth and Ralf Hartmann and Guido Kanschat},
   title = {Differential Equations Analysis Library} ,
   journal = {Technical Reference},
   year = {2010},
   volume = {},
   number = {},
   pages = {},
   ISSN = {}
}


	  @Article{dealold,
	  author = 	 {W. Bangerth and R. Hartmann and G. Kanschat},
	  title = 	 {{deal.II} -- a General Purpose Object Oriented Finite Element Library},
	  journal = 	 {ACM Trans. Math. Softw.},
	  year = 	 2007,
	  volume = 	 33,
	  number = 	 4,
	  pages = 	 {24/1--24/27}
	  }

	  @Manual{dealnew,
	  title = 	 {{\tt deal.{I}{I}} Differential Equations Analysis Library,
          Technical Reference},
	  author = 	 {W. Bangerth and T. Heister and G. Kanschat},
	  note =         {\texttt{http://www.dealii.org}},
	  url =          {http://www.dealii.org}
	  }

@manual{gascoigne,
   author = {Gascoigne},
   title = {High Performance Adaptive Finite Element Toolkit} ,
   journal = {Technical Reference},
   year = {2012},
   volume = {},
   number = {},
   pages = {},
   url =          {http://www.numerik.uni-kiel.de/~mabr/gascoigne}
}

@manual{rodobo,
   author = {R. Becker and D. Meidner and B. Vexler},
   title = {Optimization Tool RoDoBo} ,
   journal = {Technical Reference},
   year = {2012},
   volume = {},
   number = {},
   pages = {},
   url =          {http://www.numerik.uni-hd.de}
}



@manual{matlab,
   author = {Matlab},
   title = {Matlab: The Language of Technical Computing} ,
   journal = {Technical Reference},
   year = {2012},
   volume = {},
   number = {},
   pages = {},
   url =          {http://www.mathworks.com/products/matlab}
}






@manual{dune,
   author = {Peter Bastian and Others},
   title = {DUNE} ,
   journal = {Technical Reference},
   year = {2010},
   volume = {},
   number = {},
   pages = {},
   ISSN = {}
}

@manual{fenics,
   author = {FEniCS authors},
   title = {FEniCS} ,
   journal = {Technical Reference},
   year = {2011},
   volume = {},
   number = {},
   pages = {},
   url =  {http://fenicsproject.org}
}

@manual{simufact,
   author = {Simulating Manufacturing},
   title = {Simulating Manufacturing} ,
   journal = {Technical Reference},
   year = {2012},
   volume = {},
   number = {},
   pages = {},
   url =  {http://www.simufact.com}
}


@manual{ansys,
   author = {Ansys},
   title = {Ansys, Academic Research, Release 14.0} ,
   journal = {Technical Reference},
   year = {2012},
   volume = {},
   number = {},
   pages = {},
   ISSN = {}
}

@manual{comsol,
   author = {COMSOL},
   title = {Comsol multiphysics, Release 4.3a} ,
   journal = {Technical Reference},
   year = {2012},
   volume = {},
   number = {},
   pages = {},
   ISSN = {}
}


@manual{rodobo,
   author = {R. Becker and D. Meidner and B. Vexler},
   title = {RODOBO: A C++ library for optimization
with stationary and nonstationary PDEs} ,
   journal = {Technical Reference, Institute of Applied Mathematics, Heidelberg},
   year = {2005},
   volume = {},
   number = {},
   pages = {},
   ISSN = {}
}

@BOOK{NoWr00,
   author = {J. Nocedal and S.J. Wright},
   title = {Numerical Optimization},
   year = {2000},
   edition = {2nd},
   publisher = {Springer},
   address = {US},
   isbn = {},
   series = {}
}

@ARTICLE{BeMeVe06,
   author = {Roland Becker and Dominik Meidner and Boris Vexler},
   title = {Efficient numerical solution of parabolic optimization
problems by finite element methods},
   journal = {Optim. Methods Softw.},
   year = {2007},
   volume = {22},
   number = {5},
   pages = {813-833}
}

@Book{BR03,
  author =	 {Wolfgang Bangerth and Rolf Rannacher},
  title = 	 {Adaptive Finite Element Methods for
                  Differential Equations},
  publisher = 	 {Birkh{\"a}user Verlag},
  year = 	 2003
}

@article{Wi11,
   author = {Thomas Wick},
   title = {Fluid-Structure Interactions using Different Mesh Motion
Techniques},
   journal = {Comput. Struct.},
   year = {2011},
   volume = {89},
   number = {13-14},
   pages = {1456--1467}
 }

@inbook{HrTu06b,
   author = {Jaroslav Hron and Stefan Turek},
   title = {Proposal for numerical benchmarking of fluid-structure
interaction between an elastic object and laminar incompressible
flow},
  pages = {146 - 170},
   volume = {53},
   publisher = {Springer-Verlag},
   year = {2006}
}

@ARTICLE{BeRa96,
   author = {Roland Becker and Rolf Rannacher},
   title = {A feed-back approach 
to error control in finite element methods: basic analysis and examples},
   journal = {East-West J. Numer. Math.},
   year = {1996},
   volume = {4},
   number = {},
   pages = {237-264}
}

@BOOK{BuSc06,
 author={H.-J. Bungartz and  M. Sch\"afer},
 title={Fluid-Structure Interaction: Modelling, Simulation,
    Optimization},
 edition={},
 address={},
 publisher={Springer},
 year={2006},
 series={Lecture Notes in Computational Science and Engineering},
 volume={53}
}

@ARTICLE{DeHaeAnnBrVie10,
   author = {J. Degroote and  R. Haelterman and  S. Annerel and
P. Bruggeman and J. Vierendeels},
   title = {Performance of partitioned procedures in fluid-structure
interaction},
   journal = {Comput. Struct.},
   year = {2010},
   pages = {446-457},
   ISSN = {}
}

@ARTICLE{HiKu01,
   author = {M. Hinze and K. Kunisch},
   title = {Second order methods for optimal control of time-dependent
fluid flows},
   journal = {SIAM J. Control Optim.},
   year = {2001},
   volume = {40},
   number = {},
   pages = {925-946}
}

@ARTICLE{Troe99,
   author = {Freddi Tr\"oltzsch},
   title = {On the {L}agrange-{N}ewton-{SQP} method for the optimal control
 of semilinear parabolic equations},
   journal = {SIAM J. Control Optim.},
   year = {1999},
   volume = {38},
   number = {},
   pages = {294-312}
}


@INPROCEEDINGS{TuSchae96,
  author          = {Turek, S. and Sch\"{a}fer, M.},
  editor          = {Hirschel, E.},
  title           = {Benchmark computations of laminar flow around cylinder},
  booktitle       = {Flow Simulation with High-Performance Computers II},
  publisher       = {Vieweg},
  year            = {1996},
  volume          = {52},
  pages           = {547--566},
  series          = {Notes on Numerical Fluid Mechanics},
  month           = {jan},
}
